@book{bartneck2024,
  author    = {Christoph Bartneck and Tony Belpaeme and Friederike Eyssel and Takayuki Kanda and Merel Keijsers and Selma Sabanovic},
  title     = {Human-Robot Interaction -- An Introduction},
  edition   = {2nd},
  publisher = {Cambridge University Press},
  year      = {2024},
  url       = {https://www.human-robot-interaction.org/},
}

@article{khurana2017,
  author    = {Diksha Khurana and Aditya Koli and Kiran Khatter and Sukhdev Singh},
  title     = {Natural Language Processing: State of The Art, Current Trends, and Challenges},
  journal   = {arXiv preprint arXiv:1708.05148},
  year      = {2017},
  doi       = {10.48550/arXiv.1708.05148},
  url       = {https://doi.org/10.48550/arXiv.1708.05148},
}

@article{schmidt2019,
  author    = {Robin M. Schmidt},
  title     = {Recurrent Neural Networks: A Gentle Introduction and Overview},
  journal   = {arXiv preprint arXiv:1912.05911},
  year      = {2019},
  doi       = {10.48550/arXiv.1912.05911},
  url       = {https://doi.org/10.48550/arXiv.1912.05911},
}

@article{singh2014,
  author    = {Parwinder Pal Singh and Pushpa Rani},
  title     = {An approach to extract feature using MFCC},
  journal   = {IOSR Journal of Engineering},
  volume    = {4},
  number    = {8},
  pages     = {21-25},
  year      = {2014},
  doi       = {10.9790/3021-04812125},
  url       = {https://doi.org/10.9790/3021-04812125},
}

@article{taye2023,
  author      = {Taye, Mohammad Mustafa},
  title       = {Theoretical Understanding of Convolutional Neural Network: Concepts, Architectures, Applications, Future Directions},
  journal     = {Computation},
  volume      = {11},
  number      = {3},
  pages       = {52},
  year        = {2023},
  doi         = {10.3390/computation11030052},
  url         = {https://doi.org/10.3390/computation11030052},
  publisher   = {MDPI},
}

@inproceedings{baltrusaitis2018,
  author    = {Tadas Baltrušaitis and Amir Zadeh and Yao Chong Lim and Louis-Philippe Morency},
  title     = {OpenFace 2.0: Facial Behavior Analysis Toolkit},
  booktitle = {2018 13th IEEE International Conference on Automatic Face \& Gesture Recognition (FG 2018)},
  year      = {2018},
  pages     = {59-66},
  doi       = {10.1109/FG.2018.00019},
  url       = {https://doi.org/10.1109/FG.2018.00019},
  publisher = {IEEE},
}

@inproceedings{zhang2023,
  author    = {Ran Zhang},
  title     = {Facial Emotion Detection Based on Improved VGG-16},
  booktitle = {Proceedings of the 5th International Conference on Computing and Data Science},
  year      = {2023},
  doi       = {10.54254/2755-2721/21/20231110},
  url       = {https://doi.org/10.54254/2755-2721/21/20231110},
  publisher = {Open Access Proceedings},
}

@article{swethashree2021,
  author    = {Swethashree A. and Ganesh T. and J. Aravind and M. Venkatratna and R. Gayathri},
  title     = {Speech Emotion Recognition},
  journal   = {International Journal for Research in Applied Science \& Engineering Technology (IJRASET)},
  volume    = {9},
  number    = {VIII},
  pages     = {2637-2640},
  year      = {2021},
  doi       = {10.22214/ijraset.2021.37375},
  url       = {https://doi.org/10.22214/ijraset.2021.37375},
}

@article{devlin2019,
  author    = {Jacob Devlin and Ming-Wei Chang and Kenton Lee and Kristina Toutanova},
  title     = {BERT: Pre-training of Deep Bidirectional Transformers for Language Understanding},
  journal   = {arXiv preprint arXiv:1810.04805},
  year      = {2019},
  doi       = {10.48550/arXiv.1810.04805},
  url       = {https://doi.org/10.48550/arXiv.1810.04805},
}

@article{shahriar2024,
  author    = {Sakib Shahriar and Brady D. Lund and Nishith Reddy Mannuru and Muhammad Arbab Arshad and Kadhim Hayawi and Ravi Varma Kumar Bevara and Aashrith Mannuru and Laiba Batool},
  title     = {Putting GPT-4o to the Sword: A Comprehensive Evaluation of Language, Vision, Speech, and Multimodal Proficiency},
  journal   = {Preprints},
  year      = {2024},
  doi       = {10.20944/preprints202406.1635.v1},
  url       = {https://doi.org/10.20944/preprints202406.1635.v1},
}

@inproceedings{wu2024,
  author    = {Yichao Wu and Zhengyu Jin and Chenxi Shi and Penghao Liang and Tong Zhan},
  title     = {Research on the Application of Deep Learning-based BERT Model in Sentiment Analysis},
  booktitle = {Proceedings of the 2nd International Conference on Software Engineering and Machine Learning},
  year      = {2024},
  doi       = {10.54254/2755-2721/67/2024MA},
  url       = {https://doi.org/10.54254/2755-2721/67/2024MA},
}

@article{abuhmida2024,
  author    = {Mabrouka Abuhmida and Md Johirul Islam and Wendy Booth},
  title     = {Empathy in AI: Developing a Sentiment-Sensitive Chatbot through Advanced Natural Language Processing},
  journal   = {International Journal of Advanced Trends in Computer Science and Engineering},
  volume    = {13},
  number    = {3},
  pages     = {140-147},
  year      = {2024},
  doi       = {10.54254/2755-2721/67/2024MA},
  url       = {https://doi.org/10.54254/2755-2721/67/2024MA},
}

@article{safavi2024,
  author    = {Farshad Safavi and Parthan Olikkal and Dingyi Pei and Sadia Kamal and Helen Meyerson and Varsha Penumalee and Ramana Vinjamuri},
  title     = {Emerging Frontiers in Human–Robot Interaction},
  journal   = {Journal of Intelligent \& Robotic Systems},
  volume    = {110},
  number    = {45},
  year      = {2024},
  doi       = {10.1007/s10846-024-02074-7},
  url       = {https://doi.org/10.1007/s10846-024-02074-7},
}

@article{palmer2024,
  author    = {Clare E. Palmer and Emily Marshall and Edward Millgate and Graham Warren and Michael P. Ewbank and Elisa Cooper and Samantha Lawes and Malika Bouazzaoui and Alastair Smith and Chris Hutchins-Joss and Jessica Young and Morad Margoum and Sandra Healey and Louise Marshall and Shaun Mehew and Ronan Cummins and Valentin Tablan and Ana Catarino and Andrew E. Welchman and Andrew D. Blackwell},
  title     = {Combining AI and human support in mental health: A digital intervention with comparable effectiveness to human-delivered care},
  journal   = {medRxiv preprint},
  year      = {2024},
  doi       = {10.1101/2024.07.17.24310551},
  url       = {https://doi.org/10.1101/2024.07.17.24310551},
}

@article{javaid2023,
  author    = {Syed Fahad Javaid and Ibrahim Jawad Hashim and Muhammad Jawad Hashim and Emmanuel Stip and Mohammed Abdul Samad and Alia Al Ahbabi},
  title     = {Epidemiology of anxiety disorders: Global burden and sociodemographic associations},
  journal   = {Middle East Current Psychiatry},
  volume    = {30},
  number    = {44},
  year      = {2023},
  doi       = {10.1186/s43045-023-00315-3},
  url       = {https://doi.org/10.1186/s43045-023-00315-3},
}

@article{mamatha2024,
  author    = {Mamatha M and Abu Bakkar and Akash Hiremath and Amruthaiah and Jai Pranith},
  title     = {Jarvis the Companion},
  journal   = {International Journal of Science and Research (IJSR)},
  volume    = {13},
  number    = {5},
  pages     = {1672-1677},
  year      = {2024},
  doi       = {10.21275/SR24508214759},
  url       = {https://dx.doi.org/10.21275/SR24508214759},
}

@article{charles2024,
  author    = {John Thomas Charles and Sabitha Jannet and Clement Sudhahar J},
  title     = {Mitigating Occupational Mental Health-Related Factors to Prevent Manufacturing Industry Accidents},
  journal   = {Research Square preprint},
  year      = {2024},
  doi       = {10.21203/rs.3.rs-3771035/v1},
  url       = {https://doi.org/10.21203/rs.3.rs-3771035/v1},
}

@article{goh2023,
  author    = {Keng Wee Goh and Shuhei Ishikawa and Ryo Okubo and Ichiro Kusumi and Takahiro Tabuchi},
  title     = {Are patients with mental disorders more vulnerable to loneliness and social isolation during the COVID-19 pandemic? – Findings from the Japan COVID-19 and Society Internet Survey},
  journal   = {Journal of Affective Disorders},
  volume    = {340},
  pages     = {72--79},
  year      = {2023},
  doi       = {10.1016/j.jad.2023.08.035},
  url       = {https://doi.org/10.1016/j.jad.2023.08.035},
}

@inproceedings{wang2024,
  author    = {Jianyi Wang},
  title     = {Enhancing User Experience Using a Framework Integrating Emotion Recognition and Eye-Tracking},
  booktitle = {Highlights in Science, Engineering and Technology, CSIC 2023},
  volume    = {85},
  year      = {2024},
  pages     = {298--308},
  publisher = {CSIC},
  doi       = {10.54097/be97jg10},
  url       = {https://doi.org/10.54097/be97jg10},
}

@article{hakanpaa2021,
  author    = {Tua Hakanp{\"a}{\"a} and Teija Waaramaa and Anne-Maria Laukkanen},
  title     = {Comparing Contemporary Commercial and Classical Styles: Emotion Expression in Singing},
  journal   = {Journal of Voice},
  volume    = {35},
  number    = {4},
  pages     = {570-580},
  year      = {2021},
  doi       = {10.1016/j.jvoice.2019.10.002},
  url       = {https://doi.org/10.1016/j.jvoice.2019.10.002},
}

@inproceedings{lillo2024,
  author    = {Alberto Lillo and Alessandro Saracco and Elena Siletto and Claudio Mattutino and Cristina Gena},
  title     = {Investigating the Relationship Between Empathy and Attribution of Mental States to Robots},
  booktitle = {Workshop\textunderscore AVI2024 Proceedings},
  year      = {2024},
  publisher = {Department of Computer Science, University of Turin},
  pages     = {298--308},
  doi       = {10.48550/arXiv.2405.01019},
  url       = {https://doi.org/10.48550/arXiv.2405.01019},
}

@book{nia2023,
  author    = {{National Innovation Agency [NIA]}},
  title     = {Futures of Mental Health in Thailand in 2033},
  year      = {2023},
  publisher = {NIA Thailand},
  url       = {https://www.nia.or.th/bookshelf/view/237},
}

@article{wang2018,
  author    = {Ting Wang and Yong-cheol Lee and Qiuwu Ma},
  title     = {Within and Across-Language Comparison of Vocal Emotions in Mandarin and English},
  journal   = {Applied Sciences},
  volume    = {8},
  number    = {12},
  pages     = {2629},
  year      = {2018},
  doi       = {10.3390/app8122629},
  url       = {https://doi.org/10.3390/app8122629},
}

@inproceedings{decet2024,
  author    = {Martina De Cet and Martina Cvajner and Ilaria Torre and Mohammad Obaid},
  title     = {Do Your Expectations Match? A Mixed-Methods Study on the Association Between a Robot's Voice and Appearance},
  booktitle = {Proceedings of the ACM Conversational User Interfaces 2024 (CUI ’24)},
  year      = {2024},
  location  = {Luxembourg, Luxembourg},
  doi       = {10.1145/3640794.3665551},
  url       = {https://doi.org/10.1145/3640794.3665551},
}

@article{sukhawathanakul2021,
  author    = {Paweena Sukhawathanakul and Alexander Crizzle and Holly Tuokko and Gary Naglie and Mark J. Rapoport},
  title     = {Psychotherapeutic Interventions for Dementia: A Systematic Review},
  journal   = {Canadian Geriatrics Journal},
  volume    = {24},
  number    = {3},
  pages     = {222--229},
  year      = {2021},
  doi       = {10.5770/cgj.24.447},
  url       = {https://doi.org/10.5770/cgj.24.447},
}

@article{rodero2011,
  author    = {Emma Rodero},
  title     = {Intonation and Emotion: Influence of Pitch Levels and Contour Type on Creating Emotions},
  journal   = {Journal of Voice},
  volume    = {25},
  number    = {1},
  pages     = {e25--e34},
  year      = {2011},
  doi       = {10.1016/j.jvoice.2010.02.002},
  url       = {https://doi.org/10.1016/j.jvoice.2010.02.002},
}

@article{abbas2023,
  author    = {Rizwan Abbas and Bingnan Ni and Ruhui Ma and Teng Li and Yehao Lu and Xi Li},
  title     = {Context-based Emotion Recognition: A Survey},
  journal   = {SSRN Preprints},
  year      = {2023},
  doi       = {10.2139/ssrn.4657124},
  url       = {https://doi.org/10.2139/ssrn.4657124},
}

@article{chapre2023,
  author    = {Harshada Chapre and Lopita Choudhury and Manoj Kamber},
  title     = {Emotion / Facial Expression Detection},
  journal   = {International Journal of Science and Research (IJSR)},
  volume    = {12},
  number    = {5},
  pages     = {1395--1398},
  year      = {2023},
  doi       = {10.21275/SR23516180518},
  url       = {https://doi.org/10.21275/SR23516180518},
}

@article{liu2024,
  author    = {Haoyang Liu},
  title     = {Emotion Detection through Body Gesture and Face},
  journal   = {arXiv preprint arXiv:2407.09913},
  year      = {2024},
  doi       = {10.48550/arXiv.2407.09913},
  url       = {https://doi.org/10.48550/arXiv.2407.09913},
}

@article{gupta2024,
  author    = {Sneha Gupta and Juideepa Das and Komal Gupta and Omkar Bholankar and Prathamesh Date and Shakti Kaushal},
  title     = {Enhancing Mood-Based Music Selection through Physiological Sensing Technology},
  journal   = {International Journal for Research in Applied Science \& Engineering Technology (IJRASET)},
  volume    = {12},
  number    = {IV},
  pages     = {71--74},
  year      = {2024},
  doi       = {10.22214/ijraset.2024.59658},
  url       = {https://doi.org/10.22214/ijraset.2024.59658},
}

@article{rastogi2023,
  author    = {Rohit Rastogi and Tushar Anand and Shubham Kumar Sharma and Sarthak Panwar},
  title     = {Emotion Detection via Voice and Speech Recognition},
  journal   = {International Journal of Cyber Behavior, Psychology and Learning (IJCBPL)},
  volume    = {13},
  number    = {1},
  year      = {2023},
  doi       = {10.4018/IJCBPL.333473},
  url       = {https://doi.org/10.4018/IJCBPL.333473},
}

@inproceedings{wada2006,
  author    = {Kazuyoshi Wada and Takanori Shibata},
  title     = {Robot Therapy in a Care House - Its Sociopsychological and Physiological Effects on the Residents},
  booktitle = {Proceedings of the 2006 IEEE International Conference on Robotics and Automation},
  year      = {2006},
  doi       = {10.1109/ROBOT.2006.1642310},
  url       = {https://doi.org/10.1109/ROBOT.2006.1642310},
  publisher = {IEEE},
  address   = {Orlando, Florida},
}

@inproceedings{bethel2018,
  author    = {Cindy L. Bethel and Zachary Henkel and Sarah Darrow and Kenna Baugus},
  title     = {Therabot-an Adaptive Therapeutic Support Robot},
  booktitle = {Proceedings of the 2018 IEEE International Conference on Robotics and Automation},
  year      = {2018},
  organization = {IEEE},
  doi       = {10.1109/DISA.2018.8490642},
  url       = {https://doi.org/10.1109/DISA.2018.8490642},
  publisher = {IEEE},
}

@article{shibata2021,
  title={PARO as a Biofeedback Medical Device for Mental Health in the COVID-19 Era},
  author={Shibata, Takanori and Hung, Lillian and Petersen, Sandra and Darling, Kate and Inoue, Kaoru and Martyn, Katharine and Hori, Yoko and Lane, Geoffrey and Park, Davis and Mizoguchi, Ruth and others},
  journal={Sustainability},
  volume={13},
  number={20},
  pages={11502},
  year={2021},
  publisher={MDPI},
  doi={10.3390/su132011502}
}

@misc{therabot2024,
  author = {{AI for Good}},
  title = {Therabot - Adaptive Therapeutic Support Robot},
  year = {2024},
  url = {https://aiforgood.itu.int/speaker/therabot/},
  note = {Accessed: 2024-09-06}
}

@techreport{softbank2022,
  title        = {Pepper Press Kit 2022},
  author       = {SoftBank Robotics},
  year         = {2022},
  url          = {https://robotik-info.ch/wp-content/uploads/2022/07/Pepper-press-kit-EN-2022_1.pdf},
  note         = {Accessed: 2024-09-06},
  institution  = {SoftBank Robotics},
  address      = {Paris, France}
}

@misc{pepper2014,
  author = {{SoftBank Robotics  }},
  title = {Pepper - ROBOTS: Your Guide to the World of Robotics},
  year = {2014},
  url = {https://robotsguide.com/robots/pepper/},
  note = {Accessed: 2024-09-06}
}

@article{hurst2020,
  author    = {Nikki Hurst and Caitlyn Clabaugh and Rachel Baynes and Jeff Cohn and Donna Mitroff and Stefan Scherer},
  title     = {Social and Emotional Skills Training with Embodied Moxie},
  journal   = {arXiv preprint arXiv:2004.12962v1},
  year      = {2020},
  doi       = {10.48550/arXiv.2004.12962},
  url       = {https://doi.org/10.48550/arXiv.2004.12962},
}

@misc{moxie2020,
  author       = {Embodied, Inc.},
  title        = {Moxie Robot Official Website},
  year         = {2020},
  url          = {https://moxierobot.com/},
  note         = {Accessed: 2024-09-06}
}
