@INPROCEEDINGS{mu2022,
  author={Jaidee, Sukrit and Wongpatikaseree, Konlakorn and Hnoohom, Narit and Yuenyong, Sumeth and Yomaboot, Panida},
  booktitle={2022 14th International Conference on Knowledge and Systems Engineering (KSE)}, 
  title={MU Face Emotion - Building a Large Dataset for Emotional Facial Expression in Psychological Domain}, 
  year={2022},
  volume={},
  number={},
  pages={1-6},
  keywords={Knowledge engineering;Psychology;Human factors;Modeling;Faces;facial action unit;emotional facial expression;psychological domain;mood induction;facial features},
  doi={10.1109/KSE56063.2022.9953783}
}

@article{han2023,
  author = {Han, Shangfeng and Guo, Yanliang and Zhou, Xinyi and Huang, Junlong and Shen, Linlin and Luo, Yuejia},
  year = {2023},
  month = {12},
  pages = {},
  title = {A Chinese Face Dataset with Dynamic Expressions and Diverse Ages Synthesized by Deep Learning},
  volume = {10},
  journal = {Scientific Data},
  doi = {10.1038/s41597-023-02701-2}
}

@conference{iceis21,
  author={José Almeida. and Fátima Rodrigues.},
  title={Facial Expression Recognition System for Stress Detection with Deep Learning},
  booktitle={Proceedings of the 23rd International Conference on Enterprise Information Systems - Volume 1: ICEIS},
  year={2021},
  pages={256-263},
  publisher={SciTePress},
  organization={INSTICC},
  doi={10.5220/0010474202560263},
  isbn={978-989-758-509-8},
  issn={2184-4992},
}